@article{Landay:2016cjw,
      author         = "Landay, J. and Döring, M. and Fernández-Ramírez, C.
                        and Hu, B. and Molina, R.",
      title          = "{Model Selection for Pion Photoproduction}",
      journal        = "Phys. Rev.",
      volume         = "C95",
      year           = "2017",
      number         = "1",
      pages          = "015203",
      doi            = "10.1103/PhysRevC.95.015203",
      eprint         = "1610.07547",
      archivePrefix  = "arXiv",
      primaryClass   = "nucl-th",
      reportNumber   = "JLAB-THY-16-2364",
      SLACcitation   = "%%CITATION = ARXIV:1610.07547;%%"
}

@article{Jackura:2017amb,
      author         = "Jackura, A. and others",
      title          = "{New analysis of $\eta\pi$ tensor resonances measured at
                        the COMPASS experiment}",
      collaboration  = "COMPASS",
      year           = "2017",
      eprint         = "1707.02848",
      archivePrefix  = "arXiv",
      primaryClass   = "hep-ph",
      reportNumber   = "CERN-EP-2017-169",
      SLACcitation   = "%%CITATION = ARXIV:1707.02848;%%"
}

@article{Molina:2017iaa,
      author         = "Molina, David and De Sanctis, Maurizio and
                        Fernandez-Ramirez, Cesar",
      title          = "{Charmonium spectrum with a Dirac potential model in the
                        momentum space}",
      journal        = "Phys. Rev.",
      volume         = "D95",
      year           = "2017",
      number         = "9",
      pages          = "094021",
      doi            = "10.1103/PhysRevD.95.094021",
      eprint         = "1703.08097",
      archivePrefix  = "arXiv",
      primaryClass   = "hep-ph",
      SLACcitation   = "%%CITATION = ARXIV:1703.08097;%%"
}

@article{Pilloni:2016obd,
      author         = "Pilloni, A. and Fernandez-Ramirez, C. and Jackura, A. and
                        Mathieu, V. and Mikhasenko, M. and Nys, J. and
                        Szczepaniak, A. P.",
      title          = "{Amplitude analysis and the nature of the Z$_c$(3900)}",
      collaboration  = "JPAC",
      journal        = "Phys. Lett.",
      volume         = "B772",
      year           = "2017",
      pages          = "200-209",
      doi            = "10.1016/j.physletb.2017.06.030",
      eprint         = "1612.06490",
      archivePrefix  = "arXiv",
      primaryClass   = "hep-ph",
      reportNumber   = "JLAB-THY-16-2410",
      SLACcitation   = "%%CITATION = ARXIV:1612.06490;%%"
}

@article{Agadjanov:2016mao,
      author         = "Agadjanov, Dimitri and Doring, Michael and Mai, Maxim and
                        Meißner, Ulf-G. and Rusetsky, Akaki",
      title          = "{The Optical Potential on the Lattice}",
      journal        = "JHEP",
      volume         = "06",
      year           = "2016",
      pages          = "043",
      doi            = "10.1007/JHEP06(2016)043",
      eprint         = "1603.07205",
      archivePrefix  = "arXiv",
      primaryClass   = "hep-lat",
      SLACcitation   = "%%CITATION = ARXIV:1603.07205;%%"
}



@article{Mai:2017vot,
      author         = "Mai, M. and Hu, B. and Doring, M. and Pilloni, A. and
                        Szczepaniak, A.",
      title          = "{Three-body Unitarity with Isobars Revisited}",
      year           = "2017",
      eprint         = "1706.06118",
      archivePrefix  = "arXiv",
      primaryClass   = "nucl-th",
      reportNumber   = "JLAB-THY-17-2496",
      SLACcitation   = "%%CITATION = ARXIV:1706.06118;%%"
}

@article{Hammer:2017kms,
      author         = "Hammer, H. -W. and Pang, J. -Y. and Rusetsky, A.",
      title          = "{Three particle quantization condition in a finite
                        volume: 2. general formalism and the analysis of data}",
      year           = "2017",
      eprint         = "1707.02176",
      archivePrefix  = "arXiv",
      primaryClass   = "hep-lat",
      SLACcitation   = "%%CITATION = ARXIV:1707.02176;%%"
}

@article{Hammer:2017uqm,
      author         = "Hammer, H.-W. and Pang, J.-Y. and Rusetsky, A.",
      title          = "{Three-particle quantization condition in a finite
                        volume: 1. The role of the three-particle force}",
      year           = "2017",
      eprint         = "1706.07700",
      archivePrefix  = "arXiv",
      primaryClass   = "hep-lat",
      SLACcitation   = "%%CITATION = ARXIV:1706.07700;%%"
}

@article{Briceno:2017tce,
      author         = "Briceño, Raúl A. and Hansen, Maxwell T. and Sharpe,
                        Stephen R.",
      title          = "{Relating the finite-volume spectrum and the
                        two-and-three-particle $S$ matrix for relativistic systems
                        of identical scalar particles}",
      journal        = "Phys. Rev.",
      volume         = "D95",
      year           = "2017",
      number         = "7",
      pages          = "074510",
      doi            = "10.1103/PhysRevD.95.074510",
      eprint         = "1701.07465",
      archivePrefix  = "arXiv",
      primaryClass   = "hep-lat",
      reportNumber   = "JLAB-THY-17-2400",
      SLACcitation   = "%%CITATION = ARXIV:1701.07465;%%"
}

@article{Briceno:2016mjc,
      author         = "Briceno, Raul A. and Dudek, Jozef J. and Edwards, Robert
                        G. and Wilson, David J.",
      title          = "{Isoscalar $\pi\pi$ scattering and the $\sigma$ meson
                        resonance from QCD}",
      journal        = "Phys. Rev. Lett.",
      volume         = "118",
      year           = "2017",
      number         = "2",
      pages          = "022002",
      doi            = "10.1103/PhysRevLett.118.022002",
      eprint         = "1607.05900",
      archivePrefix  = "arXiv",
      primaryClass   = "hep-ph",
      reportNumber   = "JLAB-THY-16-2287, DAMTP-2016-47",
      SLACcitation   = "%%CITATION = ARXIV:1607.05900;%%"
}

@article{Doring:2011vk,
      author         = "Döring, M. and Meißner, Ulf-G. and Oset, E. and
                        Rusetsky, A.",
      title          = "{Unitarized Chiral Perturbation Theory in a finite
                        volume: Scalar meson sector}",
      journal        = "Eur. Phys. J.",
      volume         = "A47",
      year           = "2011",
      pages          = "139",
      doi            = "10.1140/epja/i2011-11139-7",
      eprint         = "1107.3988",
      archivePrefix  = "arXiv",
      primaryClass   = "hep-lat",
      SLACcitation   = "%%CITATION = ARXIV:1107.3988;%%"
}

@article{Doring:2011ip,
      author         = "Doring, M. and Haidenbauer, J. and Meissner, Ulf-G. and
                        Rusetsky, A.",
      title          = "{Dynamical coupled-channel approaches on a momentum
                        lattice}",
      journal        = "Eur. Phys. J.",
      volume         = "A47",
      year           = "2011",
      pages          = "163",
      doi            = "10.1140/epja/i2011-11163-7",
      eprint         = "1108.0676",
      archivePrefix  = "arXiv",
      primaryClass   = "hep-lat",
      SLACcitation   = "%%CITATION = ARXIV:1108.0676;%%"
}

@article{Doring:2011nd,
      author         = "Döring, M. and Meißner, Ulf G.",
      title          = "{Finite volume effects in pion-kaon scattering and
                        reconstruction of the $\kappa$(800) resonance}",
      journal        = "JHEP",
      volume         = "01",
      year           = "2012",
      pages          = "009",
      doi            = "10.1007/JHEP01(2012)009",
      eprint         = "1111.0616",
      archivePrefix  = "arXiv",
      primaryClass   = "hep-lat",
      SLACcitation   = "%%CITATION = ARXIV:1111.0616;%%"
}

@article{Doring:2013glu,
      author         = "Döring, Michael and Mai, Maxim and Meißner, Ulf-G.",
      title          = "{Finite volume effects and quark mass dependence of the
                        N(1535) and N(1650)}",
      journal        = "Phys. Lett.",
      volume         = "B722",
      year           = "2013",
      pages          = "185-192",
      doi            = "10.1016/j.physletb.2013.04.016",
      eprint         = "1302.4065",
      archivePrefix  = "arXiv",
      primaryClass   = "hep-lat",
      SLACcitation   = "%%CITATION = ARXIV:1302.4065;%%"
}

@article{Ronchen:2015vfa,
      author         = "Rönchen, D. and Döring, M. and Haberzettl, H. and
                        Haidenbauer, J. and Meißner, U.-G. and Nakayama, K.",
      title          = "{Eta photoproduction in a combined analysis of pion- and
                        photon-induced reactions}",
      journal        = "Eur. Phys. J.",
      volume         = "A51",
      year           = "2015",
      number         = "6",
      pages          = "70",
      doi            = "10.1140/epja/i2015-15070-7",
      eprint         = "1504.01643",
      archivePrefix  = "arXiv",
      primaryClass   = "nucl-th",
      SLACcitation   = "%%CITATION = ARXIV:1504.01643;%%"
}

@article{Ronchen:2014cna,
      author         = "Rönchen, D. and Döring, M. and Huang, F. and
                        Haberzettl, H. and Haidenbauer, J. and Hanhart, C. and
                        Krewald, S. and Meißner, U.-G. and Nakayama, K.",
      title          = "{Photocouplings at the Pole from Pion Photoproduction}",
      journal        = "Eur. Phys. J.",
      volume         = "A50",
      year           = "2014",
      number         = "6",
      pages          = "101",
      doi            = "10.1140/epja/i2014-14101-3, 10.1140/epja/i2015-15063-6",
      note           = "[Erratum: Eur. Phys. J.A51,no.5,63(2015)]",
      eprint         = "1401.0634",
      archivePrefix  = "arXiv",
      primaryClass   = "nucl-th",
      SLACcitation   = "%%CITATION = ARXIV:1401.0634;%%"
}

@article{Ronchen:2012eg,
      author         = "Rönchen, D. and Döring, M. and Huang, F. and Haberzettl,
                        H. and Haidenbauer, J. and Hanhart, C. and Krewald, S. and
                        Meißner, U.-G. and Nakayama, K.",
      title          = "{Coupled-channel dynamics in the reactions piN --> piN,
                        etaN, KLambda, KSigma}",
      journal        = "Eur. Phys. J.",
      volume         = "A49",
      year           = "2013",
      pages          = "44",
      doi            = "10.1140/epja/i2013-13044-5",
      eprint         = "1211.6998",
      archivePrefix  = "arXiv",
      primaryClass   = "nucl-th",
      SLACcitation   = "%%CITATION = ARXIV:1211.6998;%%"
}

@article{Huang:2011as,
      author         = "Huang, F. and Doring, M. and Haberzettl, H. and
                        Haidenbauer, J. and Hanhart, C. and Krewald, S. and
                        Meissner, Ulf G. and Nakayama, K.",
      title          = "{Pion photoproduction in a dynamical coupled-channels
                        model}",
      journal        = "Phys. Rev.",
      volume         = "C85",
      year           = "2012",
      pages          = "054003",
      doi            = "10.1103/PhysRevC.85.054003",
      eprint         = "1110.3833",
      archivePrefix  = "arXiv",
      primaryClass   = "nucl-th",
      SLACcitation   = "%%CITATION = ARXIV:1110.3833;%%"
}

@article{Doring:2010ap,
      author         = "Döring, M. and Hanhart, C. and Huang, F. and Krewald, S.
                        and Meißner, U.-G. and Rönchen, D.",
      title          = "{The reaction pi+ p --> K+ Sigma+ in a unitary
                        coupled-channels model}",
      journal        = "Nucl. Phys.",
      volume         = "A851",
      year           = "2011",
      pages          = "58-98",
      doi            = "10.1016/j.nuclphysa.2010.12.010",
      eprint         = "1009.3781",
      archivePrefix  = "arXiv",
      primaryClass   = "nucl-th",
      reportNumber   = "FZJ-IKP-TH-2010-21, HISKP-TH-10-XX",
      SLACcitation   = "%%CITATION = ARXIV:1009.3781;%%"
}

@article{Anisovich:2011fc,
      author         = "Anisovich, A. V. and Beck, R. and Klempt, E. and Nikonov,
                        V. A. and Sarantsev, A. V. and Thoma, U.",
      title          = "{Properties of baryon resonances from a multichannel
                        partial wave analysis}",
      journal        = "Eur. Phys. J.",
      volume         = "A48",
      year           = "2012",
      pages          = "15",
      doi            = "10.1140/epja/i2012-12015-8",
      eprint         = "1112.4937",
      archivePrefix  = "arXiv",
      primaryClass   = "hep-ph",
      SLACcitation   = "%%CITATION = ARXIV:1112.4937;%%"
}

@article{Collins:2017sgu,
      author         = "Collins, P. and others",
      title          = "{Photon beam asymmetry $\Sigma$ for $\eta$ and
                        $\eta^\prime$ photoproduction from the proton}",
      journal        = "Phys. Lett.",
      volume         = "B771",
      year           = "2017",
      pages          = "213-221",
      doi            = "10.1016/j.physletb.2017.05.045",
      eprint         = "1703.00433",
      archivePrefix  = "arXiv",
      primaryClass   = "nucl-ex",
      reportNumber   = "JLAB-PHY-17-2429",
      SLACcitation   = "%%CITATION = ARXIV:1703.00433;%%"
}

@article{Kamano:2013iva,
      author         = "Kamano, H. and Nakamura, S. X. and Lee, T. -S. H. and
                        Sato, T.",
      title          = "{Nucleon resonances within a dynamical coupled-channels
                        model of $\pi N$ and $\gamma N$ reactions}",
      journal        = "Phys. Rev.",
      volume         = "C88",
      year           = "2013",
      number         = "3",
      pages          = "035209",
      doi            = "10.1103/PhysRevC.88.035209",
      eprint         = "1305.4351",
      archivePrefix  = "arXiv",
      primaryClass   = "nucl-th",
      SLACcitation   = "%%CITATION = ARXIV:1305.4351;%%"
}

@article{Kamano:2011ih,
      author         = "Kamano, H. and Nakamura, S. X. and Lee, T. S. H. and
                        Sato, T.",
      title          = "{Unitary coupled-channels model for three-mesons decays
                        of heavy mesons}",
      journal        = "Phys. Rev.",
      volume         = "D84",
      year           = "2011",
      pages          = "114019",
      doi            = "10.1103/PhysRevD.84.114019",
      eprint         = "1106.4523",
      archivePrefix  = "arXiv",
      primaryClass   = "hep-ph",
      reportNumber   = "JLAB-THY-11-1385",
      SLACcitation   = "%%CITATION = ARXIV:1106.4523;%%"
}

@article{Kamano:2014zba,
      author         = "Kamano, H. and Nakamura, S. X. and Lee, T. -S. H. and
                        Sato, T.",
      title          = "{Dynamical coupled-channels model of K$^−$p reactions:
                        Determination of partial-wave amplitudes}",
      journal        = "Phys. Rev.",
      volume         = "C90",
      year           = "2014",
      number         = "6",
      pages          = "065204",
      doi            = "10.1103/PhysRevC.90.065204",
      eprint         = "1407.6839",
      archivePrefix  = "arXiv",
      primaryClass   = "nucl-th",
      SLACcitation   = "%%CITATION = ARXIV:1407.6839;%%"
}

@article{Kamano:2015hxa,
      author         = "Kamano, H. and Nakamura, S. X. and Lee, T. -S. H. and
                        Sato, T.",
      title          = "{Dynamical coupled-channels model of $K^- p$ reactions.
                        II. Extraction of $\Lambda^*$ and $\Sigma^*$ hyperon
                        resonances}",
      journal        = "Phys. Rev.",
      volume         = "C92",
      year           = "2015",
      number         = "2",
      pages          = "025205",
      doi            = "10.1103/PhysRevC.95.049903, 10.1103/PhysRevC.92.025205",
      note           = "[Erratum: Phys. Rev.C95,no.4,049903(2017)]",
      eprint         = "1506.01768",
      archivePrefix  = "arXiv",
      primaryClass   = "nucl-th",
      SLACcitation   = "%%CITATION = ARXIV:1506.01768;%%"
}

@article{Fernandez-Ramirez:2015tfa,
      author         = "Fernandez-Ramirez, C. and Danilkin, I. V. and Manley, D.
                        M. and Mathieu, V. and Szczepaniak, A. P.",
      title          = "{Coupled-channel model for $\bar{K}N$ scattering in the
                        resonant region}",
      journal        = "Phys. Rev.",
      volume         = "D93",
      year           = "2016",
      number         = "3",
      pages          = "034029",
      doi            = "10.1103/PhysRevD.93.034029",
      eprint         = "1510.07065",
      archivePrefix  = "arXiv",
      primaryClass   = "hep-ph",
      reportNumber   = "JLAB-THY-15-2152",
      SLACcitation   = "%%CITATION = ARXIV:1510.07065;%%"
}

@article{Shrestha:2012ep,
      author         = "Shrestha, M. and Manley, D. M.",
      title          = "{Multichannel parametrization of $\pi N$ scattering
                        amplitudes and extraction of resonance parameters}",
      journal        = "Phys. Rev.",
      volume         = "C86",
      year           = "2012",
      pages          = "055203",
      doi            = "10.1103/PhysRevC.86.055203",
      eprint         = "1208.2710",
      archivePrefix  = "arXiv",
      primaryClass   = "hep-ph",
      SLACcitation   = "%%CITATION = ARXIV:1208.2710;%%"
}

@article{Workman:2016irf,
      author         = "Workman, R. L. and Tiator, L. and Wunderlich, Y. and
                        Döring, M. and Haberzettl, H.",
      title          = "{Amplitude reconstruction from complete photoproduction
                        experiments and truncated partial-wave expansions}",
      journal        = "Phys. Rev.",
      volume         = "C95",
      year           = "2017",
      number         = "1",
      pages          = "015206",
      doi            = "10.1103/PhysRevC.95.015206",
      eprint         = "1611.04434",
      archivePrefix  = "arXiv",
      primaryClass   = "nucl-th",
      SLACcitation   = "%%CITATION = ARXIV:1611.04434;%%"
}

@article{Tiator:2016btt,
      author         = "Tiator, L. and Döring, M. and Workman, R. L. and
                        Hadžimehmedović, M. and Osmanović, H. and Omerović, R.
                        and Stahov, J. and Švarc, A.",
      title          = "{Baryon transition form factors at the pole}",
      journal        = "Phys. Rev.",
      volume         = "C94",
      year           = "2016",
      number         = "6",
      pages          = "065204",
      doi            = "10.1103/PhysRevC.94.065204",
      eprint         = "1606.00371",
      archivePrefix  = "arXiv",
      primaryClass   = "nucl-th",
      reportNumber   = "JLAB-THY-16-2315",
      SLACcitation   = "%%CITATION = ARXIV:1606.00371;%%"
}

@article{Workman:2012hx,
      author         = "Workman, R. L. and Arndt, R. A. and Briscoe, W. J. and
                        Paris, M. W. and Strakovsky, I. I.",
      title          = "{Parameterization dependence of T matrix poles and
                        eigenphases from a fit to $\pi$N elastic scattering data}",
      journal        = "Phys. Rev.",
      volume         = "C86",
      year           = "2012",
      pages          = "035202",
      doi            = "10.1103/PhysRevC.86.035202",
      eprint         = "1204.2277",
      archivePrefix  = "arXiv",
      primaryClass   = "hep-ph",
      SLACcitation   = "%%CITATION = ARXIV:1204.2277;%%"
}

@article{Workman:2012jf,
      author         = "Workman, Ron L. and Paris, Mark W. and Briscoe, William
                        J. and Strakovsky, Igor I.",
      title          = "{Unified Chew-Mandelstam SAID analysis of pion
                        photoproduction data}",
      journal        = "Phys. Rev.",
      volume         = "C86",
      year           = "2012",
      pages          = "015202",
      doi            = "10.1103/PhysRevC.86.015202",
      eprint         = "1202.0845",
      archivePrefix  = "arXiv",
      primaryClass   = "hep-ph",
      SLACcitation   = "%%CITATION = ARXIV:1202.0845;%%"
}

@article{Kamalov:2000en,
      author         = "Kamalov, Sabit S. and Yang, Shin Nan and Drechsel, Dieter
                        and Hanstein, Olaf and Tiator, Lothar",
      title          = "{Gamma* N ---> Delta transition form-factors: A New
                        analysis of the JLab data on p (e, e-prime p) pi0 at
                        Q**2=(2.8-(GeV/c)**2 and 4.0-(GeV/c)**2)}",
      journal        = "Phys. Rev.",
      volume         = "C64",
      year           = "2001",
      pages          = "032201",
      doi            = "10.1103/PhysRevC.64.032201",
      eprint         = "nucl-th/0006068",
      archivePrefix  = "arXiv",
      primaryClass   = "nucl-th",
      reportNumber   = "MKPH-T-00-09",
      SLACcitation   = "%%CITATION = NUCL-TH/0006068;%%"
}

@article{Chiang:2002vq,
      author         = "Chiang, Wen-Tai and Yang, Shin Nan and Tiator, L. and
                        Vanderhaeghen, M. and Drechsel, D.",
      title          = "{A Reggeized model for eta and eta-prime
                        photoproduction}",
      journal        = "Phys. Rev.",
      volume         = "C68",
      year           = "2003",
      pages          = "045202",
      doi            = "10.1103/PhysRevC.68.045202",
      eprint         = "nucl-th/0212106",
      archivePrefix  = "arXiv",
      primaryClass   = "nucl-th",
      SLACcitation   = "%%CITATION = NUCL-TH/0212106;%%"
}

@article{Tiator:2010rp,
      author         = "Tiator, L. and Kamalov, S. S. and Ceci, S. and Chen, G.
                        Y. and Drechsel, D. and Svarc, A. and Yang, S. N.",
      title          = "{Singularity structure of the $\pi N$ scattering
                        amplitude in a meson-exchange model up to energies $W \leq
                        2.0-$GeV}",
      journal        = "Phys. Rev.",
      volume         = "C82",
      year           = "2010",
      pages          = "055203",
      doi            = "10.1103/PhysRevC.82.055203",
      eprint         = "1007.2126",
      archivePrefix  = "arXiv",
      primaryClass   = "nucl-th",
      SLACcitation   = "%%CITATION = ARXIV:1007.2126;%%"
}

@article{Drechsel:1998hk,
      author         = "Drechsel, D. and Hanstein, O. and Kamalov, S. S. and
                        Tiator, L.",
      title          = "{A Unitary isobar model for pion photoproduction and
                        electroproduction on the proton up to 1-GeV}",
      journal        = "Nucl. Phys.",
      volume         = "A645",
      year           = "1999",
      pages          = "145-174",
      doi            = "10.1016/S0375-9474(98)00572-7",
      eprint         = "nucl-th/9807001",
      archivePrefix  = "arXiv",
      primaryClass   = "nucl-th",
      reportNumber   = "MKPH-T-98-10",
      SLACcitation   = "%%CITATION = NUCL-TH/9807001;%%"
}

@article{Drechsel:2007if,
      author         = "Drechsel, D. and Kamalov, S. S. and Tiator, L.",
      title          = "{Unitary Isobar Model - MAID2007}",
      journal        = "Eur. Phys. J.",
      volume         = "A34",
      year           = "2007",
      pages          = "69-97",
      doi            = "10.1140/epja/i2007-10490-6",
      eprint         = "0710.0306",
      archivePrefix  = "arXiv",
      primaryClass   = "nucl-th",
      SLACcitation   = "%%CITATION = ARXIV:0710.0306;%%"
}

@article{Shklyar:2014kra,
      author         = "Shklyar, V. and Lenske, H. and Mosel, U.",
      title          = "{$2\pi$ production in the Giessen coupled-channel model}",
      journal        = "Phys. Rev.",
      volume         = "C93",
      year           = "2016",
      number         = "4",
      pages          = "045206",
      doi            = "10.1103/PhysRevC.93.045206",
      eprint         = "1409.7920",
      archivePrefix  = "arXiv",
      primaryClass   = "nucl-th",
      SLACcitation   = "%%CITATION = ARXIV:1409.7920;%%"
}

@article{Cao:2013psa,
      author         = "Cao, Xu and Shklyar, V. and Lenske, H.",
      title          = "{Coupled-channel analysis of KΣ production on the
                        nucleon up to 2.0 GeV}",
      journal        = "Phys. Rev.",
      volume         = "C88",
      year           = "2013",
      number         = "5",
      pages          = "055204",
      doi            = "10.1103/PhysRevC.88.055204",
      eprint         = "1303.2604",
      archivePrefix  = "arXiv",
      primaryClass   = "nucl-th",
      SLACcitation   = "%%CITATION = ARXIV:1303.2604;%%"
}

@article{Mart:2017mwj,
      author         = "Mart, T. and Sakinah, S.",
      title          = "{Multipoles model for $K^+ \Lambda$ photoproduction on
                        the nucleon reexamined}",
      journal        = "Phys. Rev.",
      volume         = "C95",
      year           = "2017",
      number         = "4",
      pages          = "045205",
      doi            = "10.1103/PhysRevC.95.045205",
      SLACcitation   = "%%CITATION = PHRVA,C95,045205;%%"
}

@article{Jackson:2015dva,
      author         = "Jackson, Benjamin C. and Oh, Yongseok and Haberzettl, H.
                        and Nakayama, K.",
      title          = "{$\bar{K} + N \to K + \Xi$ reaction and $S=-1$ hyperon
                        resonances}",
      journal        = "Phys. Rev.",
      volume         = "C91",
      year           = "2015",
      number         = "6",
      pages          = "065208",
      doi            = "10.1103/PhysRevC.91.065208",
      eprint         = "1503.00845",
      archivePrefix  = "arXiv",
      primaryClass   = "nucl-th",
      SLACcitation   = "%%CITATION = ARXIV:1503.00845;%%"
}

@article{Jackson:2013bba,
      author         = "Jackson, Benjamin and Oh, Yongseok and Haberzettl, Helmut
                        and Nakayama, Kanzo",
      title          = "{Model-independent aspects of the reaction $\bar{K} + N
                        \to K + \Xi$}",
      journal        = "Phys. Rev.",
      volume         = "C89",
      year           = "2014",
      number         = "2",
      pages          = "025206",
      doi            = "10.1103/PhysRevC.89.025206",
      eprint         = "1311.2836",
      archivePrefix  = "arXiv",
      primaryClass   = "hep-ph",
      SLACcitation   = "%%CITATION = ARXIV:1311.2836;%%"
}

@article{Wunderlich:2016imj,
      author         = "Wunderlich, Y. and Afzal, F. and Thiel, A. and Beck, R.",
      title          = "{Determining the dominant partial wave contributions from
                        angular distributions of single- and double-polarization
                        observables in pseudoscalar meson photoproduction}",
      journal        = "Eur. Phys. J.",
      volume         = "A53",
      year           = "2017",
      number         = "5",
      pages          = "86",
      doi            = "10.1140/epja/i2017-12255-0",
      eprint         = "1611.01031",
      archivePrefix  = "arXiv",
      primaryClass   = "physics.data-an",
      SLACcitation   = "%%CITATION = ARXIV:1611.01031;%%"
}

@article{Guegan:2015mea,
      author         = "Guegan, Baptiste and Hardin, John and Stevens, Justin and
                        Williams, Mike",
      title          = "{Model selection for amplitude analysis}",
      journal        = "JINST",
      volume         = "10",
      year           = "2015",
      number         = "09",
      pages          = "P09002",
      doi            = "10.1088/1748-0221/10/09/P09002",
      eprint         = "1505.05133",
      archivePrefix  = "arXiv",
      primaryClass   = "physics.data-an",
      SLACcitation   = "%%CITATION = ARXIV:1505.05133;%%"
}

@article{Williams:2017gwf,
      author         = "Williams, Mike",
      title          = "{A bump hunter's guide to model uncertainty}",
      year           = "2017",
      eprint         = "1705.03578",
      archivePrefix  = "arXiv",
      primaryClass   = "hep-ex",
      SLACcitation   = "%%CITATION = ARXIV:1705.03578;%%"
}

@article{DeCruz:2012bv,
      author         = "De Cruz, Lesley and Ryckebusch, Jan and Vrancx, Tom and
                        Vancraeyveld, Pieter",
      title          = "{A Bayesian analysis of kaon photoproduction with the
                        Regge-plus-resonance model}",
      journal        = "Phys. Rev.",
      volume         = "C86",
      year           = "2012",
      pages          = "015212",
      doi            = "10.1103/PhysRevC.86.015212",
      eprint         = "1205.2195",
      archivePrefix  = "arXiv",
      primaryClass   = "nucl-th",
      SLACcitation   = "%%CITATION = ARXIV:1205.2195;%%"
}

@article{DeCruz:2011xi,
      author         = "De Cruz, Lesley and Vrancx, Tom and Vancraeyveld, Pieter
                        and Ryckebusch, Jan",
      title          = "{Bayesian inference of the resonance content of
                        p(gamma,K^+)Lambda}",
      journal        = "Phys. Rev. Lett.",
      volume         = "108",
      year           = "2012",
      pages          = "182002",
      doi            = "10.1103/PhysRevLett.108.182002",
      eprint         = "1111.6511",
      archivePrefix  = "arXiv",
      primaryClass   = "nucl-th",
      SLACcitation   = "%%CITATION = ARXIV:1111.6511;%%"
}

@article{Nys:2016uel,
      author         = "Nys, J. and Ryckebusch, J. and Ireland, D. G. and
                        Glazier, D. I.",
      title          = "{Model discrimination in pseudoscalar-meson
                        photoproduction}",
      journal        = "Phys. Lett.",
      volume         = "B759",
      year           = "2016",
      pages          = "260-265",
      doi            = "10.1016/j.physletb.2016.05.069",
      eprint         = "1603.02001",
      archivePrefix  = "arXiv",
      primaryClass   = "hep-ph",
      SLACcitation   = "%%CITATION = ARXIV:1603.02001;%%"
}

